@book{Schling:2011:BCL:2049814,
 author = {Schling, Boris},
 title = {The Boost C++ Libraries},
 year = {2011},
 isbn = {0982219199, 9780982219195},
 publisher = {XML Press},
} 