@book{Johnson:2004:VH:993936,
 author = {Johnson, Christopher and Hansen, Charles},
 title = {Visualization Handbook},
 year = {2004},
 isbn = {012387582X},
 publisher = {Academic Press, Inc.},
 address = {Orlando, FL, USA},
}

@thesis{Schirski:50085,
      author       = {Schirski, Marc},
      othercontributors = {Bischof, Christian},
      title        = {{I}nteractive particle tracing for the exploration of flow
                      fields in virtual environments},
      publisher    = {Publikationsserver der RWTH Aachen University},
      pages        = {X, 139 S. : Ill., graph. Darst.},
      year         = {2008}
}

@proceedings{Nielson:1994:647365,
 editor = {Nielson, Gregory M. and Hagen, Hans and M\"{u}ller, Heinrich},
 title = {Scientific Visualization, Overviews, Methodologies, and Techniques},
 year = {1997},
 isbn = {0-8186-7777-5},
 publisher = {IEEE Computer Society},
} 

@book{ericson2004real,
  title={Real-Time Collision Detection},
  author={Ericson, C.},
  series={M038/the Morgan Kaufmann Ser. in Interactive 3D Technology Series},
  year={2004},
  publisher={CRC Press}
}

@book{pharr2010physically,
  title={Physically Based Rendering: From Theory to Implementation},
  author={Pharr, M. and Humphreys, G.},
  series={Morgan Kaufmann},
  year={2010},
  publisher={Morgan Kaufmann/Elsevier}
}

@ARTICLE{GarthPaper,
author={Garth, C. and Joy, K.I.},
journal={Visualization and Computer Graphics, IEEE Transactions on},
title={Fast, Memory-Efficient Cell Location in Unstructured Grids for Visualization},
year={2010},
volume={16},
number={6},
pages={1541-1550},
doi={10.1109/TVCG.2010.156},
ISSN={1077-2626},
month={Nov},}

@book{Schling:2011:BCL:2049814,
 author = {Schling, Boris},
 title = {The Boost C++ Libraries},
 year = {2011},
 isbn = {0982219199, 9780982219195},
 publisher = {XML Press},
} 

@book{cook2013cuda,
  title={CUDA Programming: A Developer's Guide to Parallel Computing with GPUs},
  author={Cook, S.},
  isbn={9780124159334},
  lccn={2013371002},
  series={Applications of GPU computing series},
  url={https://books.google.de/books?id=g3EzsZn4poUC},
  year={2013},
  publisher={Morgan Kaufmann}
}

@inproceedings{Wald:2001:IDR:647653.732298,
 author = {Wald, Ingo and Slusallek, Philipp and Benthin, Carsten and Wagner, Markus},
 title = {Interactive Distributed Ray Tracing of Highly Complex Models},
 booktitle = {Proceedings of the 12th Eurographics Workshop on Rendering Techniques},
 year = {2001},
 isbn = {3-211-83709-4},
 pages = {277--288},
 numpages = {12},
 url = {http://dl.acm.org/citation.cfm?id=647653.732298},
 acmid = {732298},
 publisher = {Springer-Verlag},
 address = {London, UK, UK},
} 


@book{Glassner:1989:IRT:94788,
 editor = {Glassner, Andrew S.},
 title = {An Introduction to Ray Tracing},
 year = {1989},
 isbn = {0-12-286160-4},
 publisher = {Academic Press Ltd.},
 address = {London, UK, UK},
} 

@book{ferguson1995x,
  title={The X Resource Issue 16: A Practical Journal of the X Window System},
  author={Ferguson, P.},
  number={Nr. 16},
  isbn={9781565921665},
  series={The X Resource Series},
  url={https://books.google.de/books?id=cYfVPAAACAAJ},
  year={1995},
  publisher={O'Reilly Media, Incorporated}
}

@book{helmke2015ubuntu,
  title={Ubuntu Unleashed 2016 Edition: Covering 15.10 and 16.04},
  author={Helmke, M.},
  isbn={9780134269115},
  series={Unleashed},
  url={https://books.google.de/books?id=I5HvCgAAQBAJ},
  year={2015},
  publisher={Pearson Education}
}

@book{von1963aerodynamics,
  title={Aerodynamics},
  author={Von K{\'a}rm{\'a}n, T.},
  lccn={65008658},
  series={McGraw-Hill paperbacks},
  url={https://books.google.de/books?id=Ni4IAQAAIAAJ},
  year={1963},
  publisher={McGraw-Hill}
}

@electronic{HarrierNasa,
 title={Harrier Hovering 2009},
 author={NASA},
 url = {http://ails.arc.nasa.gov/Images/InfoSys/AC91-0365-12.html}
}

@electronic{AntTweakBar,
 title={AntTweakBar link},
 author={AntTweakBar},
 url = {http://anttweakbar.sourceforge.net/}
}

@inproceedings{CampPaper, 
author={D. Camp and H. Childs and C. Garth and D. Pugmire and K. I. Joy}, 
booktitle={Large Data Analysis and Visualization (LDAV), 2012 IEEE Symposium on}, 
title={Parallel stream surface computation for large data sets}, 
year={2012}, 
pages={39-47}, 
month={Oct}}

@Article{Schroeder+Martin+Lorensen2003,
  Author  = "William J. Schroeder and Ken Martin and  W.E.  Lorensen",
  Title   = "The Visualization Toolkit: An Object-Oriented Approach to 3D Graphics, Third Edition",
  Year    = 2003,
  Month = 01,
  Publisher = "Kitware, Inc. (formerly Prentice-Hall)",
}


@ARTICLE{BurgerStreakSurface, 
author={K. Buerger and F. Ferstl and H. Theisel and R. Westermann}, 
journal={IEEE Transactions on Visualization and Computer Graphics}, 
title={Interactive Streak Surface Visualization on the GPU}, 
year={2009}, 
volume={15}, 
number={6}, 
pages={1259-1266}, 
doi={10.1109/TVCG.2009.154}, 
ISSN={1077-2626}, 
month={Nov}}

@ARTICLE{Nvidia980Whitepaper, 
title={Nvidia's Geforce GTX 980: Featuring Maxwell, The Most Advanced GPU Ever Made.}, 
year={2015}, 
volume={15}
}

@INPROCEEDINGS{HultquistPaper, 
author={J. P. M. Hultquist}, 
booktitle={Visualization, 1992. Visualization '92, Proceedings., IEEE Conference on}, 
title={Constructing stream surfaces in steady 3D vector fields}, 
year={1992}, 
pages={171-178}, 
doi={10.1109/VISUAL.1992.235211}, 
month={Oct}}

@inproceedings{Eisenacher:2013:SDS:2600890.2600910,
 author = {Eisenacher, Christian and Nichols, Gregory and Selle, Andrew and Burley, Brent},
 title = {Sorted Deferred Shading for Production Path Tracing},
 booktitle = {Proceedings of the Eurographics Symposium on Rendering},
 series = {EGSR '13},
 year = {2013},
 location = {Zaragoza, Spain},
 pages = {125--132},
 numpages = {8},
 url = {http://dx.doi.org/10.1111/cgf.12158},
 doi = {10.1111/cgf.12158},
 acmid = {2600910},
 publisher = {Eurographics Association},
 address = {Aire-la-Ville, Switzerland, Switzerland},
}

@mastersthesis{FelixThesis,
  author       = {Felix Loosmann}, 
  title        = {Heat Transfer and Fluid Flow in Compact Heat Exchangers made by Rapid Prototyping},
  school       = {The school where the thesis was written},
  year         = 2012,
  address      = {TU Darmstadt},
  month        = 10
}

@inproceedings{Nam:2004:CSS:998688.1007120,
 author = {Nam, Beomseok and Sussman, Alan},
 title = {A Comparative Study of Spatial Indexing Techniques for Multidimensional Scientific Datasets},
 booktitle = {Proceedings of the 16th International Conference on Scientific and Statistical Database Management},
 series = {SSDBM '04},
 year = {2004},
 isbn = {0-7695-2146-0},
 pages = {171--},
 url = {http://dx.doi.org/10.1109/SSDBM.2004.1},
 doi = {10.1109/SSDBM.2004.1},
 acmid = {1007120},
 publisher = {IEEE Computer Society},
 address = {Washington, DC, USA},
} 

@techreport{Fussell:1988:FRT:900476,
 author = {Fussell, Donald S. and Subramanian, K. R.},
 title = {Fast Ray Tracing Using K-d Trees},
 year = {1988},
 source = {http://www.ncstrl.org:8900/ncstrl/servlet/search?formname=detail\&id=oai%3Ancstrlh%3Autexas_cs%3AUTEXAS_CS%2F%2FCS-TR-88-07},
 publisher = {University of Texas at Austin},
 address = {Austin, TX, USA},
} 

@article{MacDonald:1990:HRT:87851.87856,
 author = {MacDonald, David J. and Booth, Kellogg S.},
 title = {Heuristics for Ray Tracing Using Space Subdivision},
 journal = {Vis. Comput.},
 issue_date = {1990},
 volume = {6},
 number = {3},
 month = may,
 year = {1990},
 issn = {0178-2789},
 pages = {153--166},
 numpages = {14},
 url = {http://dx.doi.org/10.1007/BF01911006},
 doi = {10.1007/BF01911006},
 acmid = {87856},
 publisher = {Springer-Verlag New York, Inc.},
 address = {Secaucus, NJ, USA},
} 

@book{glassner1989introduction,
  title={An Introduction to Ray tracing},
  author={Glassner, A.S.},
  isbn={9780080499055},
  series={The Morgan Kaufmann Series in Computer Graphics},
  url={https://books.google.de/books?id=t3XNCgAAQBAJ},
  year={1989},
  publisher={Elsevier Science}
}

@INPROCEEDINGS{OIT, 
author={M. Maule and J. L. D. Comba and R. Torchelsen and R. Bastos}, 
booktitle={Graphics, Patterns and Images (SIBGRAPI), 2012 25th SIBGRAPI Conference on}, 
title={Memory-Efficient Order-Independent Transparency with Dynamic Fragment Buffer}, 
year={2012}, 
pages={134-141}, 
doi={10.1109/SIBGRAPI.2012.27}, 
ISSN={1530-1834}, 
month={Aug},}

@article{Carpenter:1984:BAH:964965.808585,
 author = {Carpenter, Loren},
 title = {The A -buffer, an Antialiased Hidden Surface Method},
 journal = {SIGGRAPH Comput. Graph.},
 issue_date = {July 1984},
 volume = {18},
 number = {3},
 month = jan,
 year = {1984},
 issn = {0097-8930},
 pages = {103--108},
 numpages = {6},
 url = {http://doi.acm.org/10.1145/964965.808585},
 doi = {10.1145/964965.808585},
 acmid = {808585},
 publisher = {ACM},
 address = {New York, NY, USA}
} 

@book{Cormen:2001:IA:580470,
 author = {Cormen, Thomas H. and Stein, Clifford and Rivest, Ronald L. and Leiserson, Charles E.},
 title = {Introduction to Algorithms},
 year = {2001},
 isbn = {0070131511},
 edition = {2nd},
 publisher = {McGraw-Hill Higher Education},
} 

@book{Ericson:2004:RCD:1121584,
 author = {Ericson, Christer},
 title = {Real-Time Collision Detection},
 year = {2004},
 isbn = {1558607323, 9781558607323},
 publisher = {CRC Press, Inc.},
 address = {Boca Raton, FL, USA},
}

@inproceedings{Webb:1992:UDB:129873.135556,
 author = {Webb, Robert and Gigante, Mike},
 title = {Using Dynamic Bounding Volume Hierarchies to Improve Efficiency of Rigid Body Simulations},
 booktitle = {Proceedings of the 10th International Conference of the Computer Graphics Society on Visual Computing : Integrating Computer Graphics with Computer Vision: Integrating Computer Graphics with Computer Vision},
 series = {CG International '92},
 year = {1992},
 isbn = {0-387-70103-6},
 location = {Tokyo, Japan},
 pages = {825--842},
 numpages = {18},
 url = {http://dl.acm.org/citation.cfm?id=129873.135556},
 acmid = {135556},
 publisher = {Springer-Verlag New York, Inc.},
 address = {New York, NY, USA},
} 

@article{Wilhelms:1992:OFI:130881.130882,
 author = {Wilhelms, Jane and Van Gelder, Allen},
 title = {Octrees for Faster Isosurface Generation},
 journal = {ACM Trans. Graph.},
 issue_date = {July 1992},
 volume = {11},
 number = {3},
 month = jul,
 year = {1992},
 issn = {0730-0301},
 pages = {201--227},
 numpages = {27},
 url = {http://doi.acm.org/10.1145/130881.130882},
 doi = {10.1145/130881.130882},
 acmid = {130882},
 publisher = {ACM},
 address = {New York, NY, USA}
} 

@book{gaster2012heterogeneous,
  title={Heterogeneous Computing with OpenCL: Revised OpenCL 1.2 Edition},
  author={Gaster, B. and Howes, L. and Kaeli, D.R. and Mistry, P. and Schaa, D.},
  isbn={9780124055209},
  url={https://books.google.de/books?id=yyI8jfvi9-8C},
  year={2012},
  publisher={Elsevier Science}
}
